% Приклад подання різних джерел інформації

@online{overleaf,
  title={Inserting Images},
  author={overleaf},
  organization={overleaf},
  medium={Online source},
  url = {https://ru.overleaf.com/learn/latex/Inserting_Images},
  language = {english}
}

@online{git1,
  title={Deep-Learning-Specialization-Coursera},
  author={Adalberto Claudio Quiros},
  organization={github},
  medium={Online source},
  url = {https://github.com/AdalbertoCq/Deep-Learning-Specialization-Coursera/blob/68b4b53ae2b88308e048558c49fa2192aa32fcd6/Neural%20Networks%20and%20Deep%20Learning/week2/logistic_regression.py},
  language = {english}
}

@online{git2,
  title={deep-learning-coursera},
  author={Kulbear},
  organization={github},
  medium={Online source},
  url = {https://github.com/Kulbear/deep-learning-coursera/blob/master/Neural%20Networks%20and%20Deep%20Learning/Logistic%20Regression%20with%20a%20Neural%20Network%20mindset.ipynb},
  language = {english}
}

@online{calculus,
  title={Derivative of sigmoid function},
  author={Michael Percy},
  organization={math.stackexchange.com},
  medium={Online source},
  url = {https://math.stackexchange.com/questions/78575/derivative-of-sigmoid-function-sigma-x-frac11e-x},
  language = {english}
}